@book{Reed_Simon_1980, place={New York}, title={Methods of modern mathematical physics. volume I: Functional analysis}, publisher={Academic Press}, author={Reed, Michael and Simon, Barry}, year={1980}}

@article{simon_classical_1998,
	title = {The {Classical} {Moment} {Problem} as a {Self}-{Adjoint} {Finite} {Difference} {Operator}},
	volume = {137},
	issn = {00018708},
	url = {https://linkinghub.elsevier.com/retrieve/pii/S0001870898917285},
	doi = {10.1006/aima.1998.1728},
	language = {en},
	number = {1},
	urldate = {2024-03-08},
	journal = {Advances in Mathematics},
	author = {Simon, Barry},
	month = jul,
	year = {1998},
	pages = {82--203},
	file = {Simon - 1998 - The Classical Moment Problem as a Self-Adjoint Fin.pdf:C\:\\Users\\recov\\Desktop\\edinburgh-uni\\yr4\\diss\\zotero\\storage\\UEW5QQUD\\Simon - 1998 - The Classical Moment Problem as a Self-Adjoint Fin.pdf:application/pdf},
}

@book{Reed_Simon_1975, place={New York}, title={Methods of modern mathematical physics: II: Fourier analysis, self-adjointness}, publisher={Academic Press}, author={Reed, Michael and Simon, Barry}, year={1975}} 

@book{rudin_real_2013,
	address = {New York, NY},
	edition = {3. ed., internat. ed., [Nachdr.]},
	series = {{McGraw}-{Hill} international editions {Mathematics} series},
	title = {Real and complex analysis},
	isbn = {978-0-07-054234-1 978-0-07-100276-9},
	language = {en},
	publisher = {McGraw-Hill},
	author = {Rudin, Walter},
	year = {2013},
	file = {Rudin - 2013 - Real and complex analysis.pdf:C\:\\Users\\recov\\Desktop\\edinburgh-uni\\yr4\\diss\\zotero\\storage\\8DC9YNFP\\Rudin - 2013 - Real and complex analysis.pdf:application/pdf},
}

@book{Hunter_Nachtergaele_2007, place={Singapore}, title={Applied analysis}, publisher={World Scientific}, author={Hunter, John K. and Nachtergaele, Bruno}, year={2007}} 

@misc{ludolila_answer_2013,
	title = {Answer to "{The} range of \${T}{\textasciicircum}*\$ is the orthogonal complement of \${\textbackslash}ker({T})\$"},
	url = {https://math.stackexchange.com/a/318144},
	urldate = {2024-03-08},
	journal = {Mathematics Stack Exchange},
	author = {Ludolila},
	month = mar,
	year = {2013},
	file = {Snapshot:C\:\\Users\\recov\\Desktop\\edinburgh-uni\\yr4\\diss\\zotero\\storage\\LC7RT957\\the-range-of-t-is-the-orthogonal-complement-of-kert.html:text/html},
} 

@book{Hille_Phillips_1957, place={Providence}, title={Functional analysis and Semi-Groups}, publisher={American Mathematical Society}, author={Hille, Einar and Phillips, Ralph S.}, year={1957}} 

@misc{ruy_answer_2020,
	title = {Answer to "{Proving} the spectral mapping theorem via the continuous functional calculus - significant progress"},
	url = {https://math.stackexchange.com/a/3854775},
	urldate = {2024-03-08},
	journal = {Mathematics Stack Exchange},
	author = {Ruy},
	month = oct,
	year = {2020},
	file = {Snapshot:C\:\\Users\\recov\\Desktop\\edinburgh-uni\\yr4\\diss\\zotero\\storage\\GIGPH8VD\\proving-the-spectral-mapping-theorem-via-the-continuous-functional-calculus-si.html:text/html},
}

@misc{murthy_answer_2020,
	title = {Answer to "{Possibly} unbounded operator which is closed and has a lower bound has closed range"},
	url = {https://math.stackexchange.com/a/3880262},
	urldate = {2024-03-08},
	journal = {Mathematics Stack Exchange},
	author = {Murthy, Kavi Rama},
	month = oct,
	year = {2020},
	file = {Snapshot:C\:\\Users\\recov\\Desktop\\edinburgh-uni\\yr4\\diss\\zotero\\storage\\43NELDG3\\possibly-unbounded-operator-which-is-closed-and-has-a-lower-bound-has-closed-ran.html:text/html},
}

@article{kallstrom_joint_1985,
	title = {Joint spectra for commuting operators},
	volume = {28},
	issn = {0013-0915, 1464-3839},
	url = {https://www.cambridge.org/core/product/identifier/S0013091500022677/type/journal_article},
	doi = {10.1017/S0013091500022677},
	abstract = {The theory of joint spectra for commuting operators in a Hilbert space has recently been studied by several authors (Vasilescu [
              11,12
              ], Curto [
              4
              ,
              5
              ], and Cho-Takaguchi[
              2,3
              ]). In this paper we willuse the definition by Taylor [
              10
              ] of the joint spectrum to show that thejoint spectrum is determined by the action of certain "Laplacians"(cf. Curto [
              4,5
              ]) of a chain-complex of Hilbert spaces.},
	language = {en},
	number = {2},
	urldate = {2024-03-08},
	journal = {Proceedings of the Edinburgh Mathematical Society},
	author = {KällstrÖm, A. and Sleeman, B.D.},
	month = jun,
	year = {1985},
	pages = {233--248},
	file = {KällstrÖm és Sleeman - 1985 - Joint spectra for commuting operators.pdf:C\:\\Users\\recov\\Desktop\\edinburgh-uni\\yr4\\diss\\zotero\\storage\\K36DPZ78\\KällstrÖm és Sleeman - 1985 - Joint spectra for commuting operators.pdf:application/pdf},
}
